@Article{Einstein,
  author =       "Albert Einstein",
  title =        "{Zur Elektrodynamik bewegter K{\"o}rper}. ({German})
                 [{On} the electrodynamics of moving bodies]",
  journal =      "Annalen der Physik",
  volume =       "322",
  number =       "10",
  pages =        "891--921",
  year =         "1905",
  DOI =          "http://dx.doi.org/10.1002/andp.19053221004"
} 


@Article{PainAssessment01,
  author =       "Mathew, P J and Mathew, J L",
  title =        "{Assessment and management of pain in infants}",
  journal =      "Postgrad Med J",
  volume =       "79",
  number = 		"934",
  pages =        "438--443",
  year =         "2003",
  note =          "Online unter \url{http://pmj.bmj.com/content/79/934/438.full}"
} 

@Article{PainAssessment03,
	author =       "Huijer, Huda Abu-Saad and Bours, Gerrie J and Stevens, Bonnie and Hamers, Jan P",
	title =        "{Assessment of pain in Neonates}",
	journal =      "Seminars in Perinatology",
	volume =       "22",
	number =	"5",
	pages =        "402--416",
	year =         "1998",
	note =          "Online unter \url{https://www.ncbi.nlm.nih.gov/pubmed/9820565}, abgerufen am 22.03.2016"
} 

@BOOK{PainAssessment02,
  AUTHOR       = "Anand, K J and Stevens, B J and McGrath, P J",
  TITLE        = "{Pain in Neonates and Infants}",
  VOLUME = 		 "10",
  PUBLISHER    = "Elsevier",
  YEAR         = "2007",
}

@manual{nips,
  ORGANIZATION      = "UW Health",
  TITLE        = "{Using Pediatric Pain Scales Neonatal Infant Pain Scale (NIPS)}",
  YEAR         = "2014",
  note =          "Online unter \url{https://www.uwhealth.org/healthfacts/parenting/7711.pdf} und unter \url{https://com-jax-emergency-pami.sites.medinfo.ufl.edu/files/2015/02/Neonatal-Infant-Pain-Scale-NIPS-pain-scale.pdf}, abgerufen am 22.03.2017"
}

@Article{flacc,
  author =       "Merkel, Andra and Voepel-Lewis, Terri and Shayevitz, J R and Malviya, Shobha",
  title =        "{The FLACC: A Behavioral Scale for Scoring Postoperative Pain in Young Children}",
  journal =      "Pediatric Nursing",
  volume =       "23",
  number =      "3",
  pages =        "293--7",
  year =         "1996",
  note =          "Online unter \url{https://www.researchgate.net/publication/13998379_The_FLACC_A_Behavioral_Scale_for_Scoring_Postoperative_Pain_in_Young_Children}, abgerufen am 22.03.2017"
} 

@Article{npass,
  author =       "Hummel, Patricia A and Puchalski, Mary L and Creech, Steven D and Weiss, Marc G",
  title =        "{N-PASS: Neonatal Pain, Agitation and Sedation Scale – Reliability and Validity}",
  journal =      "Pediatrics/Neonatology",
  volume =       "2",
  number =      "6",
  year =         "2004",
  note =          "Online unter \url{http://www.anestesiarianimazione.com/2004/06c.asp}, abgerufen am 22.03.2017"
}

@misc{overview,
	author =       "Zamzmi, Ghada and Pain, Chih-Yun and Goldgof, Dmitry and Kasturi, Rangachar and Sun, Yu and Ashmeade, Terri",
	shool = "University of South Florida, Tampa",
	title =        "{Machine-based Multimodal Pain Assessment Tool for Infants: A Review}",
	year =         "2016",
	note =          "Online unter \url{https://arxiv.org/ftp/arxiv/papers/1607/1607.00331.pdf}, abgerufen am 22.03.2017"
}

@Article{bpsn,
  author =       "Cignacco, Eva and Mueller, Romano and Hamers, Jan P H and Gessler, Peter",
  title =        "{Pain assessment in the neonate using the Bernese Pain Scale for Neonates}",
  journal =      "Early Human Development",
  volume =       "78",
  number =      "2",
  year =         "2004",
  pages =        "125--131",
  note =          "Online unter \url{https://www.researchgate.net/publication/8485535_Pain_assessment_in_the_Neonate_using_the_Bernese_Pain_Scale_for_Neonates}, abgerufen am 22.03.2017"
}
@BOOK{cries,
  AUTHOR       = "Bildner, Judy",
  TITLE        = "{CRIES Instrument - Assessment Tool of Pain in Neonates}",
  PUBLISHER    = "City of Hope Pain/Palliative Care Resource Center ",
  YEAR         = "1997",
  note =          "Online unter \url{http://prc.coh.org/pdf/CRIES.pdf}, abgerufen am 22.03.2017"
}

@Article{covers,
  author =       "Hand, Ivan L and Noble, Lawrence and Geiss, Donna and Wozniak, Laura and Hall, Charles",
  title =        "{COVERS Neonatal Pain Scale: Development and Validation}",
  journal =      "International Journal of Pediatrics",
  volume =       "2010",
  year =         "2010",
  note =          "Online unter \url{https://www.hindawi.com/journals/ijpedi/2010/496719/}, abgerufen am 22.03.2017"
}

@MANUAL{pat,
  title =        "{Neonatal Pain Assessment Tool (PAT)}",
  year =         "2012",
  organization    = "The Royal Children's Hospital Melbourne",
  note =          "Online unter \url{http://www.rch.org.au/rchcpg/hospital_clinical_guideline_index/Neonatal_Pain_Assessment/#The%20Pain%20Assessment%20Tool}, abgerufen am 22.03.2017"
}

@Article{dan,
  author =       "Bellieni, C V and Bagnoli, Franco and Sisto, Renata and Buonocore, Giuseppe",
  title =        "{Cry features reflect pain intensity in term newborns: An alarm threshold}",
  journal =      "Pediatric Research",
  volume =       "55",
  number = 		"1",
  year =         "2004",
  pages =        "142--146",
  note =          "Online unter \url{https://www.researchgate.net/publication/297827342_Cry_features_reflect_pain_intensity_in_term_newborns_An_alarm_threshold}, abgerufen am 22.03.2017"
}

@conference{cohenCry,
	author =       "Cohen, Rami and Lavner, Yizhar", 
	title =        "{Infant Cry Analysis and Detection}",
	booktitle = "27th Convention of Electrical and Electronics Engineers in Israel",
	year = "2012",
	publisher = "IEEE",
	note =          "Online unter \url{https://www.researchgate.net/publication/261116332_Infant_cry_analysis_and_detection}, abgerufen am 22.03.2017"
}

@Article{comfort,
  author =       "van Dijk, Monique and de Boer, Josien B and  Koot, Hans M and Tibboel, Dick and Passchier, Jan and Duivenvoorden, Hugo J",
  title =        "{The reliability and validity of the COMFORT scale as a postoperative pain instrument in 0 to 3-year-old infants}",
  journal =      "Pain",
  volume =       "84",
  number =      "2-3",
  year =         "2000",
  pages =        "367--377",
  note =          "Online unter \url{http://www.sciencedirect.com/science/article/pii/S0304395999002390}, abgerufen am 22.03.2017"
}

@Article{wolff,
	author =       "Wolff, P H",
	title =        "{The role of biological rhythms in early psychological development}",
	journal =      "Bulletin of the Menninger Clinic",
	volume =       "31",
	number =      "1",
	year =         "1967",
	pages =        "197--218",
}

@Article{painInNeonates,
	author =       "van Dijk, Monique and Simons, Sinno and Tibboel, Dick",
	title =        "{Pain assessment in neonates}",
	journal =      "Paediatric and Perinatal Drug Therapy",
	volume =       "6",
	number =      "2",
	year =         "2004",
	pages =        "97--103",
	note =          "Online unter \url{http://citeseerx.ist.psu.edu/viewdoc/download?doi=10.1.1.624.3471&rep=rep1&type=pdf}, abgerufen am 22.03.2017"
}

@Article{mbps,
  author =       "Nulman, Taddio A",
  title =        "{A revised measure of acute pain in infants}",
  journal =      "J Pain Symptom Manage",
  volume =       "10",
  year =         "1995",
  pages =        "456--463",
  note =          "Online unter \url{http://geriatricphysio.yolasite.com/resources/Modified%20Behavioral%20Pain%20Scale%20(MBPS)%20in%20infants.pdf}, abgerufen am 22.03.2017"
}

@BOOK{crygroup,
  AUTHOR       = "Lester, Berry M and Boukydis, Zachariah C F",
  TITLE        = "Infant Crying: Theoretical and Research Perspectives",
  PUBLISHER    = "Plenum",
  YEAR         = "1985",
}

@BOOK{signal,
  AUTHOR       = "Barr, Ronald G and Hopkins, Brian and Green, James",
  TITLE        = "{Crying as a Sign, a Symptom, and a Signal}",
  PUBLISHER    = "Mac Keith Press",
  YEAR         = "2000",
}

@Article{cryisnoise,
  author =       "Müller, E and Hollien, H and Murry, T",
  title =        "{Perceptual responses to infant crying: identification of cry types}",
  journal =      "Journal of Child Language",
  volume =       "1",
  number =      "1",
  year =         "1974",
  pages =        "89--95",
  note =          "Online unter \url{https://www.cambridge.org/core/journals/journal-of-child-language/article/perceptual-responses-to-infant-crying-identification-of-cry-types/4F0F8088116FCE381851D8D560697A5F}, abgerufen am 22.03.2017"
}

@Article{lod,
  author =       "Xie, Qiaobing and Ward, R K and Laszlo, C A",
  title =        "{Automatic Assessment of Infants Levels-of-Distress from the Cry Signals}",
  journal =      "IEEE Transactions on Speech and Audio Processing",
  volume =       "4",
  number =      "4",
  year =         "1996",
  pages =        "253--265",
  note =          "Online unter \url{http://ieeexplore.ieee.org/document/506929/}, abgerufen am 22.03.2017, abgerufen am 22.03.2017"
}

@Article{parentalPerception,
	author =       "LaGasse, Linda L and Neal, A Rebecca and Lester, Barry M",
	title =        "{Assessment of infant cry: Acoustic cry analysis and parental perception}",
	journal =      "Mental retardation and developmental disabilities",
	volume =       "11",
	number = "1",
	year =         "2005",
	pages =        "83--93",
	note =          "Online unter \url{https://www.ncbi.nlm.nih.gov/pubmed/15856439}, abgerufen am 22.03.2017"
}

@Article{comparisonOfLearning,
  author =       "Fuhr, Tanja and Reetz, Henning and Wegener,  Carla",
  title =        "{Comparison of Supervised-learning Models for Infant Cry Classification}",
  journal =      "International Journal of Health Professions",
  volume = "2",
  number = "1",
  year =         "2015",
  note =          "Online unter \url{https://www.degruyter.com/view/j/ijhp.2015.2.issue-1/ijhp-2015-0005/ijhp-2015-0005.xml}, abgerufen am 22.03.2017"
}

@conference{vad_Easy,
  author =       "Moattar, M H and Homayounpour, M M",
  title =        "{A simple but efficient real-time Voice Activity Detection Algorithm}",
  organization =     "Signal Processing Conference",
  publisher = "IEEE",
  year =         "2009",
  month =       "August",
  note =          "Online unter \url{http://ieeexplore.ieee.org/document/7077834/?arnumber=7077834&tag=1}, abgerufen am 22.03.2017"
}

@conference{vad_granada,
  author =       "Ramirez, J and Gorriz, J M and Segura, J C",
  title =        "{Voice Activity Detection. Fundamentals and Speech Recognition System Robustness}",
  booktitle =      "Robust Speech Recongnition and Understanding",
  editor = 		"Michael Grimm and Kristian Kroschel",
  year =         "2007",
  publisher = "InTech",
  note =          "Online unter \url{http://cdn.intechopen.com/pdfs/104/InTech-Voice_activity_detection_fundamentals_and_speech_recognition_system_robustness.pdf}, abgerufen am 22.03.2017"
}

@conference{class_abdulaziz,
	author =       "Abdulaziz, Yousra and Mumtazah, Sharrifah and Ahmad, Syed",
	title =        "{Infant Cry Recognition System: A Comparison of System Performance based on Mel Frequency and Linear Prediction Coefficients}",
	booktitle =      " Information Retrieval \& Knowledge Management",
	year =         "2010",
	note =          "Online unter \url{http://ieeexplore.ieee.org/document/5466907/}, abgerufen am 22.03.2017"
}

@techreport{vad_kola,
  author =       "Kola, Jonathan and Espy-Wilson, Carol and Pruthi, Tarun",
  title =        "{Voice Activity Detection}",
  institution =  "MERIT BIEN",
  year =         "2011",
  note =          "Online unter \url{http://www.ece.umd.edu/merit/archives/merit2011/merit_fair11_reports/report_Kola.pdf}, abgerufen am 22.03.2017"
}

@conference{vad_Lisboa,
  author =       "Kristjansson, Trausti and Deligne, Sabine and Olsen, Peder",
  title =        "{Voicing Features for Robust Speech Detection}",
  booktitle =      "Interspeech Lisboa",
  year =         "2005",
  note =          "Online unter \url{http://papers.traustikristjansson.info/wp-content/uploads/2011/07/KristjanssonRobustVoicingEurospeech2005.pdf}, abgerufen am 22.03.2017"
}

@conference{vad_entropy,
  author =       "Waheed, Khurram and Weaver, Kim and Salam, Fathi M",
  title =        "{A robust Algorithm for detecting speech segments using an entropic contrast}",
  publisher =      "IEEE",
  booktitle = "Circuits and Systems",
  year =         "2002",
  note =          "Online unter \url{http://ieeexplore.ieee.org/document/1187039/}, abgerufen am 22.03.2017"
}


@book{juliusSmith,
  author =       "Smith, Julius",
  title =        "{Spectral Audio Signal Processing}",
  publisher =      "Center for Computer Research in Music and Acoustics (CCRMA)",
  year =         "1993",
  note =          "Online unter \url{https://www.dsprelated.com/freebooks/sasp/Short_Time_Fourier_Transform.html}, abgerufen am 22.03.2017"
}

@Article{vad_ceps,
  author =       "Ahmadi, Sassan and Spanias, Andreas S",
  title =        "{Cepstrum-Based Pitch Detection Using a New Statistical V/UV Classification Algorithm}",
  journal =      "IEEE Transactions on Speech and Audio Detection",
  pages =           "333-338",
  volume =       "7",
  number =      "3",
  year =         "1999",
  note =          "Online unter \url{http://ieeexplore.ieee.org/document/759042/}, abgerufen am 22.03.2017"
}


@conference{vad_entropie02,
  author =       "Shen, Jia-lin and Hung, Jeih-Weih and Fen, Qin",
  title =        "{Robust Entropy-based Endpoint Detection for Speech Recognition in Noisy  Environments}",
  booktitle = "The 5th International Conference on Spoken Language Processing",
  year =         "1998",
  note =          "Online unter \url{https://www.researchgate.net/publication/221489354_Robust_entropy-based_endpoint_detection_for_speech_recognition_in_noisy_environments}, abgerufen am 22.03.2017"
}

@book{ricardo_ceps,
  author =       "Gutierrez-Osuna, Ricardo",
  title =        "{CSCE 689-604: Special Topics in Speech Processing}",
  publisher = "Texas A\&M University",
  year = "2011",
  note =          "Online unter \url{http://courses.cs.tamu.edu/rgutier/csce689_s11/}, abgerufen am 22.03.2017"
}

@book{id3,
  author =       "Dankel, Douglas",
  title =        "{The ID3 Algorithm}",
  publisher = "University of Florida",
  year = "1997",
  note = "Online unter \url{https://www.cise.ufl.edu/~ddd/cap6635/Fall-97/Short-papers/2.htm}, abgerufen am 22.03.2017"
}

@book{c45,
  author = "Ingargiola, Giorgio",
  title = "{Building Classification Models: ID3 and C4.5}", school  = "Temple University Philadelphia",
  year = "2001",
  note =          "Online unter \url{http://cis-linux1.temple.edu/~giorgio/cis587/readings/id3-c45.html}, abgerufen am 22.03.2017"
}

@Article{sens-and_spec,
  author =       "Tze-Wey Loong",
  title =        "{Understanding sensitivity and specificity with the right side of the brain}",
  journal = "BMJ",
  year = "2003",
  volume = "327",
  number = "7417",
  pages = "716--719",
  note =          "Online unter \url{https://www.ncbi.nlm.nih.gov/pmc/articles/PMC200804/}, abgerufen am 22.03.2017"
}

@Article{accuracy,
  author = "M W Powers, David",
  title =  "{Evaluation: From Precision, Recall and F-Measure to ROC, Informedness, Markedness \& Correlation}",
  journal = "Journal of Machine Learning Technologies",
  year = "2011",
  pages = "37--63",
  volume = "2",
  number = "1",
  note =    "Online unter \url{https://dl.dropboxusercontent.com/u/27743223/201101-Evaluation_JMLT_Postprint-Colour.pdf}, abgerufen am 22.03.2017"
}

@conference{zamziMultimodal,
	author =  "Zamzmi, Ghada and Pain, Chih-Yun and Goldgof, Dmitry and Kasturi, Rangachar and Sun, Yu and Ashmeade, Terri",
	title =   "{An Approach for Automated Multimodal Analysis of Infants' Pain}",
	booktitle = "23rd International Conference on Pattern Recognition",
	address = "Cancun, Mexico",
	year = "2016",
	note =    "Online unter \url{http://rpal.cse.usf.edu/products/icpr_2016.pdf}, abgerufen am 22.03.2017"
}

@conference{palEmotion,
	author =  "Pal, Pritam and Iyer, Ananth N and Yantorno, Robert E",
	title =   "{Emotion detection from infant facial expressions and cries}",
	booktitle = "Acoustics, Speech and Signal Processing",
	publisher = "IEEE",
	year = "2006",
	note =    "Online unter \url{http://ieeexplore.ieee.org/document/1660444/}, abgerufen am 22.03.2017"
}

@conference{automaticCryDetection,
  author =  "Cohen, Rami and Lavner, Yizhar",
  title =   "{Infant Cry Analysis and Detection}",
  bootitle = "27-th Convention of Electrical and Electronics Engineers in Israel",
  year = "2012",
  publisher = "IEEE",
  note =    "Online unter \url{http://ieeexplore.ieee.org/stamp/stamp.jsp?arnumber=6376996}, abgerufen am 22.03.2017"
}

@incollection{cryModel,
  AUTHOR       = "Golub, Howard L and Corwin, Michael J",
  TITLE        = "{A Physioacoustic Model of the Infant Cry}",
  booktitle     = "{Infant Crying - Theoretical and Research Perspectives}",
  EDITORS = "Barry M Lester and C F Zachariah Boukydis",
  CHAPTER       = "3",
  PAGES         = "59--82",
  PUBLISHER    = "Plenum",
  YEAR         = "1985"
}

@incollection{25years,
	AUTHOR       = "Wasz-Hockert, Ole and Michelsson, Katarina  and Lind, John",
	TITLE        = "{Twenty-Five Years of Scandinavian Cry Research}",
	booktitle     = "{Infant Crying - Theoretical and Research Perspectives}",
	EDITORS = "Barry M Lester and C F Zachariah Boukydis",
	CHAPTER       = "4",
	PAGES         = "83--101",
	PUBLISHER    = "Plenum",
	YEAR         = "1985"
}

@Article{rythmic,
  author =  "Zeskind, Philip S and Parker-Price, Susan and Barr, Ronald",
  title =   "{Rythmic organization of the Sound of Infant Cry}",
  journal = "Dev Psychobiol",
  year = "1993",
  pages = "321--333",
  volume = "26",
  number = "6",
  note =    "Online unter \url{https://www.ncbi.nlm.nih.gov/pubmed/8119482}, abgerufen am 22.03.2017"
}

@Article{justForTheMelody,
  author =  "Michelsson, Katarina and Michelsson, Oliver",
  title =   "{Phonation in the newborn, infant cry}",
  journal = "International Journal of Pediatric Otorhinolaryngology",
  year = "1999",
  volume = "49",
  number = "1",
  pages = "297--301",
  note =    "Online unter \url{http://www.sciencedirect.com/science/article/pii/S0165587699001809}, abgerufen am 22.03.2017"
}

@book{czechPitch,
  author =  "Verteletskaya, E and Simak, B",
  title =   "{Performance Evaluation of Pitch Detection Algorithms}",
  publisher = "Ceske vysoke uceni technicke v Praze",
  year = "2009",
  note =    "Online unter \url{http://access.feld.cvut.cz/view.php?cisloclanku=2009060001}, abgerufen am 22.03.2017"
}

@BOOK{dspGuide,
	title=    "{The Scientist and Engineer's Guide to Digital Signal Processing}",
	author=   "Smith, Steven W",
	note=     "Online erhältlich unter: \url{http://www.dspguide.com/pdfbook.htm}, abgerufen am 11. Januar 2016",
	year=     "1999",
	publisher = "California Technical Publishing"
}
@book{dspMichigan,
	title=    "{Signal and Systems I - EECS 206 Laboratory}",
	author=   "Neuhoff, D L",
	note=     "Online erhältlich unter: \url{http://www.eecs.umich.edu/courses/eecs206/archive/spring02/}, abgerufen am 11. Januar 2016",
	year=     "2002",
	publisher="The University of Michigan"
}

@book{stft,
	title=    "{The Short Time Fourier Transform}",
	author=   "Brown III, Richard",
	note=     "Online erhältlich unter: \url{http://spinlab.wpi.edu/courses/ece503_2014/12-6stft.pdf}, abgerufen am 11. Januar 2016",
	year=     "2014",
	publisher="signal processing and information networking laboratory"
}

@book{introductionToFilters,
	title=    "{Introduction to Digital Filters with Audio Applications}",
	author=   "Smith III, Julian O",
	note=     "Online erhältlich unter: \url{https://ccrma.stanford.edu/~jos/filters/filters.html}, abgerufen am 11. 01. 2017",
	year=     "2007",
	publisher="Center for Computer Research in Music and Acoustics (CCRMA)"
}

@book{SpeechProduction,
	title=    "{Speech Production}",
	author=   "Lutter, Michael",
	note=     "Online erhältlich unter: \url{http://recognize-speech.com/speech/speech-production}, abgerufen am 11.01.2017",
	year=     "2015",
}

@book{speechAcoustics,
	title=    "{Acoustic Theory of Speech Production}",
	author=   "Mannell, Robert",
	note=     "Online erhältlich unter: \url{http://clas.mq.edu.au/speech/acoustics/frequency/acoustic_theory.html}, abgerufen am 22.03.2017",
	year=     "2015",
	publisher="Macquarie University Sidney"
}

@BOOK{sprachverarbeitung,
	title=    "{Sprachverarbeitung}",
	author=   "Pfister, Beat and Kaufmann, Tobias",
	year=     "2008",
	address = "Berlin",
	publisher="Springer"
}

@BOOK{benade,
	author = "Benade, Arthur H",
	title = "{Fundamentals of Musical Acoustics}",
	publisher = "Oxford University Press",
	year = "1976"
}

@Article{cepstrumPitchTranslation,
	author = "Fraile, Ruben and Godino-Llorente, Juan Ignacio",
	title = "{Cepstral peak prominence: A comprehensive analysis}",
	journal =      "Biomedical Signal Processing and Control",
	volume =       "14",
	number = 	"1",
	year =         "2014",
	pages =        "42--54",
	note =          "Online unter \url{https://www.researchgate.net/publication/264084923_Cepstral_peak_prominence_A_comprehensive_analysis}, abgerufen am 22.03.2017"
}

@techreport{pitch_History,
	title=    "{Pitch Extraction and Fundamental Frequency: History and Current Techniques}",
	author=   "Gerhard, David",
	year=     "2003",
	institution ="University of Regina",
	number = "TR-CS 2003-06",
	note =          "Online unter \url{http://www2.cs.uregina.ca/~gerhard/publications/TRdbg-Pitch.pdf}, abgerufen am 22.03.2017"
}

@BOOK{machine_mitchell,
	title=    "{Machine Learning}",
	author=   "Mitchell, Tom M",
	year=     "1997",
	publisher= "WCB McGraw-Hill"
}

@BOOK{machine_marsland,
	title=    "{Machine Learning - An Algorithmic Perspective}",
	author=   "Marsland, Stephen",
	year=     "2009",
	publisher= " Chapman \& Hall / CRC"
}

@book{learning_cart_dobra,
	title=    "{Introduction to classification and regression}",
	author=   "Dobra, Alin",
	note=     "Online erhältlich unter: \url{https://www.cise.ufl.edu/~adobra/datamining/classif-intro.pdf}, abgerufen am 22.03.2017",
	year=     "2005",
	publisher="Department of Computer \& Information Science \& Engineering - University of Florida"
}

@Article{cart_loh,
	author =       " Loh, Wei-Yin",
	title =        "{A Comparative Performance Study of Several Pitch Detection Algorithms}",
	journal =      "WIREs Data Mining Knowledge Discovery",
	volume =       "1",
	year =         "2011",
	pages =        "14--23"
}

@BOOK{statistical_learning,
	title=   "{An Introduction to Statistical Learning}",
	author=   "James, Gareth and Witten, Daniela and Hastie, Trevor and Tibshirani, Robert",
	year=     "2013",
	publisher= " Springer"
}

@BOOK{machine_kubat,
	title=    "{An Introduction to Machine Learning}",
	author=   "Kubat, Miroslav",
	year=     "2015",
	institution = "Department of Electrical and Computer Engineering University of Miami",
	publisher= " Springer"
}

@book{johnstone,
	title=    "{Lch and Lab colour and gradient picker}",
	author=   "Johnstone, David",
	note=     "Online erhältlich unter: \url{https://en.99designs.de/blog/tips/6-principles-of-visual-hierarchy/}, abgerufen am 22.03.2017",
	year=     "2014",
	publisher="99 Designs"
}

@book{bigman,
	title = "{6 principles of visual hierarchy for designers}",
	author =   "Bigman, Alex",
	note =     "Online erhältlich unter: \url{https://en.99designs.de/blog/tips/6-principles-of-visual-hierarchy/}, abgerufen am 22.03.2017",
	year =     "2014",
	publisher = "99 Designs"
}

@book{regression_lecture,
	title=    "{STAT 501 - Regression Methods}",
	author=   "Pardoe, Iain",
	note=     "Online erhältlich unter: \url{https://onlinecourses.science.psu.edu/stat501/node/251}, abgerufen am 22.03.2017",
	year=     "2017",
	publisher = "Pennstate Eberly College of Science"
}

@phdthesis{cry_thesis,
	title=    "{Analysis of the Infant Cry with Objective Methods}",
	author=   "Varallyay, Gyorgy Ivan",
	school = "Budapest University of Technology and Economics",
	note=     "Online erhältlich unter: \url{https://pdfs.semanticscholar.org/5c38/b368dc71d67cbfabc3077a50536b086d8eec.pdf}",
	year=     "2009"
}

@article{threeCryTypes,
	title=    "{Acoustic Discrimination of three Cry Types}",
	author=   "Fuller, Barbara",
	journal = "Nursing Research",
	volume = "40",
	number = "3",
	pages = "156--60",
	note=     "Online erhältlich unter: \url{https://www.researchgate.net/publication/21125005_Acoustic_Discrimination_of_Three_Types_of_Infant_Cries}, abgerufen am 22.03.2017",
	year=     "1991"
}

@article{palettes,
	title=    "{Generating Color Palettes using Intuitive Parameters}",
	author=   "Wijffelaars, Martijn and Vliegen, Roel and van Wijk, Jarke J and van der Linden, Erik-Jan",
	journal = "Computer Graphics Forum",
	volume = "27",
	number = "3",
	pages = "743--750",
	note=     "Online erhältlich unter: \url{http://onlinelibrary.wiley.com/doi/10.1111/j.1467-8659.2008.01203.x/abstract}, abgerufen am 22.03.2017",
	year=     "2008"
}
